@inproceedings{Pearson2013,
    title = {{a 33-Year High Resolution Hindcast for New Zealand2}},
    year = {2013},
    booktitle = {Joint Conference Handbook, New Zealand Hydrological Society and Meteorological Society of New Zealand},
    author = {Pearson, Greg and Trancoso, Rosa},
    pages = {162--163},
    address = {Palmerston North, New Zealand}
}

@article{Lorente-Plazas2015,
    title = {{A 49 year hindcast of surface winds over the Iberian Peninsula}},
    year = {2015},
    journal = {International Journal of Climatology},
    author = {Lorente-Plazas, R. and Mont{\'{a}}vez, J. P. and Jerez, S. and G{\'{o}}mez-Navarro, J. J. and Jim{\'{e}}nez-Guerrero, P. and Jim{\'{e}}nez, P. A.},
    number = {10},
    month = {8},
    pages = {3007--3023},
    volume = {35},
    publisher = {John Wiley {\&} Sons, Ltd},
    url = {http://doi.wiley.com/10.1002/joc.4189},
    isbn = {1097-0088},
    doi = {10.1002/joc.4189},
    issn = {10970088},
    keywords = {Databases validation, Hindcast, Iberian Peninsula, Regional Climate Model, Surface wind}
}

@article{Lorenz2016,
    title = {{A dynamical downscaling of ERA-Interim in the North Sea using WRF with a 3 km grid—for wind resource applications}},
    year = {2016},
    journal = {Wind Energy},
    author = {Lorenz, Torge and Barstad, Idar},
    number = {10},
    month = {10},
    pages = {1945--1959},
    volume = {19},
    url = {http://doi.wiley.com/10.1002/we.1961},
    isbn = {1099-1824},
    doi = {10.1002/we.1961},
    issn = {10991824},
    keywords = {ERA-Interim, North Sea, WRF, dynamical downscaling, resource assessment, satellite winds}
}

@article{Torrence1998,
    title = {{A Practical Guide to Wavelet Analysis}},
    year = {1998},
    journal = {Bulletin of the American Meteorological Society},
    author = {Torrence, Christopher and Compo, Gilbert P.},
    number = {1},
    pages = {61--78},
    volume = {79},
    url = {https://journals.ametsoc.org/doi/pdf/10.1175/1520-0477%281998%29079%3C0061%3AAPGTWA%3E2.0.CO%3B2},
    isbn = {0871706881},
    doi = {10.1175/1520-0477(1998)079<0061:APGTWA>2.0.CO;2},
    issn = {00030007},
    pmid = {21229804},
    arxivId = {1211.6569}
}

@article{Barcons2018,
    title = {{A wind field downscaling strategy based on domain segmentation and transfer functions}},
    year = {2018},
    journal = {Wind Energy},
    author = {Barcons, Jordi and Avila, Matias and Folch, Arnau},
    month = {2},
    url = {http://doi.wiley.com/10.1002/we.2169},
    doi = {10.1002/we.2169},
    issn = {10954244},
    keywords = {complex terrain, downscaling, high‐resolution, near‐surface winds, transfer functions, wind forecast}
}

@article{Li2017,
    title = {{Added value of high-resolution regional climate model: selected cases over the Bohai Sea and the Yellow Sea areas}},
    year = {2017},
    journal = {International Journal of Climatology},
    author = {Li, Delei},
    number = {1},
    month = {1},
    pages = {169--179},
    volume = {37},
    publisher = {John Wiley {\&} Sons, Ltd},
    url = {http://doi.wiley.com/10.1002/joc.4695},
    doi = {10.1002/joc.4695},
    issn = {10970088},
    keywords = {Bohai Sea and Yellow Sea, added value, dynamical downscaling, regional climate, surface wind}
}

@article{Trancoso2009,
    title = {{An advanced modelling tool for simulating complex river systems}},
    year = {2009},
    journal = {Science of the Total Environment},
    author = {Trancoso, Ana Rosa and Braunschweig, Frank and Chambel Leit{\~{a}}o, Pedro and Obermann, Matthias and Neves, Ramiro},
    number = {8},
    month = {4},
    pages = {3004--3016},
    volume = {407},
    url = {http://dx.doi.org/10.1016/j.scitotenv.2009.01.015},
    isbn = {0048-9697},
    doi = {10.1016/j.scitotenv.2009.01.015},
    issn = {00489697},
    pmid = {19215966},
    keywords = {Modelling, Object oriented programming, River network, Water quality}
}

@article{Jakob2017,
    title = {{An atmospheric high-resolution regional reanalysis for Australia}},
    year = {2017},
    journal = {The bulletin of the australian meteorological and oceanographic society},
    author = {Jakob, Dörte and Su, Chun-Hsu and Eizenberg, Nathan and Kociuba, Greg and Steinle, Peter and {Paul-Fox-Hughes} and Bettio, Lynette},
    number = {3},
    pages = {16--23},
    volume = {30},
    url = {https://www.researchgate.net/publication/320822047_An_atmospheric_high-resolution_regional_reanalysis_for_Australia}
}

@article{Jimenez2013,
    title = {{An evaluation of WRF's ability to reproduce the surface wind over complex terrain based on typical circulation patterns}},
    year = {2013},
    journal = {Journal of Geophysical Research Atmospheres},
    author = {Jim{\'{e}}nez, P. A. and Dudhia, J. and Gonz{\'{a}}lez-Rouco, J. F. and Mont{\'{a}}vez, J. P. and Garc{\'{i}}a-Bustamante, E. and Navarro, J. and Vil{\`{a}}-Guerau De Arellano, J. and Mu{\~{n}}oz-Rold{\'{a}}n, A.},
    number = {14},
    pages = {7651--7669},
    volume = {118},
    url = {http://onlinelibrary.wiley.com/doi/10.1002/jgrd.50585/epdf},
    doi = {10.1002/jgrd.50585},
    issn = {21698996},
    keywords = {WRF, complex terrain, multiyear evaluation, surface wind, wind patterns}
}

@phdthesis{LaCroix2002,
    title = {{APPLICATION OF THE WIND GUST ESTIMATE AND COMPARISON TO THE AFWA MM5 WIND GUST ALGORITHM}},
    year = {2002},
    author = {LaCroix, Kevin W.},
    pages = {102},
    school = {AIR FORCE INSTITUTE OF TECHNOLOGY}
}

@techreport{Shamarock2008,
    title = {{ARW Modelling System UserGuide V.3}},
    year = {2016},
    booktitle = {Book},
    author = {Skamarock, William C. and Klemp, Joseph B. and Dudhia, Jimy and Gill, David O. and Barker, Dale M. and Duda, Michael G. and Huang, Xiang-Yu and Wang, Wei and Powers, Jordan G.},
    number = {January},
    pages = {408},
    url = {http://www2.mmm.ucar.edu/wrf/users/docs/arw_v3.pdf},
    institution = {National Center for Atmospheric Research},
    address = {Boulder, Colorado, USA},
    doi = {10.5065/D68S4MVH}
}

@article{Garcia-Diez2015,
    title = {{Assessing and Improving the Local Added Value of WRF for Wind Downscaling}},
    year = {2015},
    journal = {Journal of Applied Meteorology and Climatology},
    author = {Garc{\'{i}}a-D{\'{i}}ez, M. and Fern{\'{a}}ndez, J. and San-Mart{\'{i}}n, D. and Herrera, S. and Guti{\'{e}}rrez, J. M.},
    number = {7},
    month = {7},
    pages = {1556--1568},
    volume = {54},
    url = {http://journals.ametsoc.org/doi/10.1175/JAMC-D-14-0150.1},
    doi = {10.1175/JAMC-D-14-0150.1},
    keywords = {Forecast verification/skill, Hindcasts, Mesoscale models, Numerical weather prediction/forecasting, Short-range prediction, Wind}
}

@article{Pichugina2017,
    title = {{Assessment of NWP Forecast Models in Simulating Offshore Winds through the Lower Boundary Layer by Measurements from a Ship-Based Scanning Doppler Lidar}},
    year = {2017},
    journal = {Monthly Weather Review},
    author = {Pichugina, Yelena L. and Banta, Robert M. and Olson, Joseph B. and Carley, Jacob R. and Marquis, Melinda C. and Brewer, W. Alan and Wilczak, James M. and Djalalova, Irina and Bianco, Laura and James, Eric P. and Benjamin, Stanley G. and Cline, Joel},
    number = {10},
    pages = {4277--4301},
    volume = {145},
    url = {http://journals.ametsoc.org/doi/10.1175/MWR-D-16-0442.1},
    doi = {10.1175/MWR-D-16-0442.1},
    issn = {0027-0644}
}

@article{Winterfeldt2009,
    title = {{Assessment of Value Added for Surface Marine Wind Speed Obtained from Two Regional Climate Models}},
    year = {2009},
    journal = {Monthly Weather Review},
    author = {Winterfeldt, Jörg and Weisse, Ralf},
    number = {9},
    month = {9},
    pages = {2955--2965},
    volume = {137},
    url = {http://journals.ametsoc.org/doi/abs/10.1175/2009MWR2704.1},
    isbn = {0027-0644},
    doi = {10.1175/2009MWR2704.1},
    issn = {0027-0644},
    keywords = {Model evaluation/performance, Regional models, Wind waves}
}

@article{Yoshihashi2017,
    title = {{Bird detection and species classification with time-lapse images around a wind farm: Dataset construction and evaluation}},
    year = {2017},
    journal = {Wind Energy},
    author = {Yoshihashi, R. and Kawakami, R. and Iida, M. and Naemura, T.},
    number = {12},
    pages = {1983--1995},
    volume = {20},
    doi = {10.1002/we.2135},
    issn = {10991824},
    keywords = {bird conservation, bird detection, environmental assessment, image recognition, social acceptance}
}

@article{Lorente-Plazas2015a,
    title = {{Characterization of surface winds over the Iberian Peninsula}},
    year = {2015},
    journal = {International Journal of Climatology},
    author = {Lorente-Plazas, R. and Mont{\'{a}}vez, J. P. and Jimenez, P. A. and Jerez, S. and G{\'{o}}mez-Navarro, J. J. and Garc{\'{i}}a-Valero, J. A. and Jimenez-Guerrero, P.},
    number = {6},
    month = {5},
    pages = {1007--1026},
    volume = {35},
    publisher = {John Wiley {\&} Sons, Ltd},
    url = {http://doi.wiley.com/10.1002/joc.4034},
    doi = {10.1002/joc.4034},
    issn = {10970088},
    keywords = {Circulation types, Iberian Peninsula, Regional wind, Weather types, Wind}
}

@article{Li2018,
    title = {{Comparison of 3D-Var and 4D-Var data assimilation in an NWP-based system for precipitation nowcasting at the Met Office}},
    year = {2018},
    journal = {Quarterly Journal of the Royal Meteorological Society},
    author = {Li, Zhihong and Ballard, Susan P. and Simonin, David},
    number = {711},
    month = {1},
    pages = {404--413},
    volume = {144},
    publisher = {Wiley-Blackwell},
    url = {http://doi.wiley.com/10.1002/qj.3211},
    doi = {10.1002/qj.3211},
    issn = {00359009},
    keywords = {NWP, flood forecasting, nowcasting, precipitation, variational data assimilation, verification}
}

@article{Carvalho2014,
    title = {{Comparison of reanalyzed, analyzed, satellite-retrieved and NWP modelled winds with buoy data along the Iberian Peninsula coast}},
    year = {2014},
    journal = {Remote Sensing of Environment},
    author = {Carvalho, D. and Rocha, A. and G{\'{o}}mez-Gesteira, M. and Silva Santos, C.},
    isbn = {0034-4257},
    doi = {10.1016/j.rse.2014.07.017},
    issn = {00344257},
    keywords = {Analysis, Cross-Calibrated Multi-Platform Ocean Wind (CCMP), ERA-Interim, GFS, Iberian Peninsula, NASA-MERRA, NCEP-CFSR, NCEP-FNL, NCEP-R2, Ocean surface wind, Offshore wind energy, Portugal, QuikSCAT, Reanalysis, Spain, WRF, Wind simulation}
}

@article{Young2017,
    title = {{Development of localized damaging wind gusts associated with a frontal wave and mesoscale vortex across south Wales on 18 May 2015}},
    year = {2017},
    journal = {Meteorological Applications},
    author = {Young, Martin V. and Clark, Matthew R.},
    number = {1},
    month = {11},
    pages = {139--150},
    volume = {25},
    publisher = {John Wiley {\&} Sons, Ltd},
    url = {http://doi.wiley.com/10.1002/met.1677},
    doi = {10.1002/met.1677},
    issn = {14698080},
    keywords = {Forecasting, Nowcasting, Remote sensing, Severe weather, Short-range, Weather radar products}
}

@article{Liu2012,
    title = {{Differences between downscaling with spectral and grid nudging using WRF}},
    year = {2012},
    journal = {Atmospheric Chemistry and Physics},
    author = {Liu, P. and Tsimpidi, A. P. and Hu, Y. and Stone, B. and Russell, A. G. and Nenes, A.},
    number = {8},
    volume = {12},
    url = {https://www.atmos-chem-phys.net/12/3601/2012/acp-12-3601-2012.pdf},
    isbn = {0038201008204},
    doi = {10.5194/acp-12-3601-2012},
    issn = {16807316}
}

@article{Mass2002,
    title = {{Does increasing horizontal resolution produce more skillful forecasts? The results of two years of real-time numerical weather prediction over the Pacific Northwest}},
    year = {2002},
    journal = {Bulletin of the American Meteorological Society},
    author = {Mass, Clifford F. and Ovens, David and Westrick, Ken and Colle, Brian A.},
    number = {3},
    month = {3},
    pages = {407--430},
    volume = {83},
    publisher = { American Meteorological Society },
    url = {http://journals.ametsoc.org/doi/abs/10.1175/1520-0477%282002%29083%3C0407%3ADIHRPM%3E2.3.CO%3B2},
    isbn = {0003-0007},
    doi = {10.1175/1520-0477(2002)083<0407:DIHRPM>2.3.CO;2},
    issn = {00030007}
}

@article{Horvath2011,
    title = {{Dynamical downscaling of wind speed in complex terrain prone to bora-type flows}},
    year = {2011},
    journal = {Journal of Applied Meteorology and Climatology},
    author = {Horvath, Kristian and Baji{\'{c}}, Alica and Ivatek-{\v{S}}ahdan, Stjepan},
    number = {8},
    pages = {1676--1691},
    volume = {50},
    url = {https://journals.ametsoc.org/doi/pdf/10.1175/2011JAMC2638.1},
    doi = {10.1175/2011JAMC2638.1},
    issn = {15588424},
    keywords = {Complex terrain, Dynamics, Local effects, Mesoscale processes, Wind}
}

@article{Rockel2008,
    title = {{Dynamical downscaling: Assessment of model system dependent retained and added variability for two different regional climate models}},
    year = {2008},
    journal = {Journal of Geophysical Research Atmospheres},
    author = {Rockel, Burkhardt and Castro, Christopher L. and Pielke, Roger A. and von Storch, Hans and Leoncini, Giovanni},
    number = {21},
    month = {11},
    pages = {D21107},
    volume = {113},
    url = {http://doi.wiley.com/10.1029/2007JD009461},
    isbn = {0148-0227},
    doi = {10.1029/2007JD009461},
    issn = {01480227}
}

@article{Castro2005,
    title = {{Dynamical downscaling: Assessment of value retained and added using the Regional Atmopsheric Modeling System (RAMS)}},
    year = {2005},
    journal = {Journal of Geophysical Research D: Atmospheres},
    author = {Castro, Christopher L. and Pielke, Roger A. and Leoncini, Giovanni},
    number = {5},
    month = {3},
    pages = {1--21},
    volume = {110},
    url = {http://doi.wiley.com/10.1029/2004JD004721},
    isbn = {0148-0227},
    doi = {10.1029/2004JD004721},
    issn = {01480227},
    keywords = {Regional Climate Modeling, dynamical downscaling, limited area modeling, predictability, sensitivity}
}

@article{Ostritz2012,
    title = {{Estimativas de um modelo de gera{\c{c}}{\~{a}}o e propaga{\c{c}}{\~{a}}o de ondas empregando campos de vento com diferentes resolu{\c{c}}ões espaciais e temporais}},
    year = {2012},
    journal = {Revista Brasileira de Meteorologia},
    author = {Ostritz, Frederico Francisco and Carvalho, Nelson Violante De and Cruz, Leonardo Maturo Marques Da},
    number = {3},
    pages = {315--328},
    volume = {27},
    url = {http://www.scielo.br/pdf/rbmet/v27n3/a06v27n3},
    doi = {10.1590/S0102-77862012000300006},
    issn = {0102-7786},
    keywords = {campos basin, wave modeling, wind waves}
}

@article{Zhang2013,
    title = {{Examination of Errors in Near-Surface Temperature and Wind from WRF Numerical Simulations in Regions of Complex Terrain}},
    year = {2013},
    journal = {Weather and Forecasting},
    author = {Zhang, Hailing and Pu, Zhaoxia and Zhang, Xuebo},
    number = {3},
    pages = {893--914},
    volume = {28},
    url = {http://journals.ametsoc.org/doi/abs/10.1175/WAF-D-12-00109.1},
    isbn = {0882-8156},
    doi = {10.1175/WAF-D-12-00109.1},
    issn = {0882-8156}
}

@article{Kulkarni2018,
    title = {{Framework for assessment of climate change impact on offshore wind energy}},
    year = {2018},
    journal = {Meteorological Applications},
    author = {Kulkarni, Sumeet and Deo, M. C. and Ghosh, Subimal},
    number = {1},
    month = {1},
    pages = {94--104},
    volume = {25},
    publisher = {John Wiley {\&} Sons, Ltd},
    url = {http://doi.wiley.com/10.1002/met.1673},
    doi = {10.1002/met.1673},
    issn = {13504827},
    keywords = {artificial neural network, climate change, general circulation models, quantile mapping, uncertainty assessment, wind potential}
}

@article{Menendez2014a,
    title = {{High-resolution sea wind hindcasts over the Mediterranean area}},
    year = {2014},
    journal = {Climate Dynamics},
    author = {Menendez, M. and Garc{\'{i}}a-D{\'{i}}ez, M. and Fita, L. and Fern{\'{a}}ndez, J. and M{\'{e}}ndez, F. J. and Guti{\'{e}}rrez, J. M.},
    number = {7-8},
    month = {4},
    pages = {1857--1872},
    volume = {42},
    publisher = {Springer Berlin Heidelberg},
    url = {http://link.springer.com/10.1007/s00382-013-1912-8},
    doi = {10.1007/s00382-013-1912-8},
    issn = {14320894},
    keywords = {Dynamical downscaling, Hindcast, Multiphysics, Offshore surface wind, WRF}
}

@article{Li2016a,
    title = {{High-resolution wind hindcast over the Bohai Sea and the Yellow Sea in East Asia: Evaluation and wind climatology analysis}},
    year = {2016},
    journal = {Journal of Geophysical Research: Atmospheres},
    author = {Li, Delei and von Storch, Hans and Geyer, Beate},
    number = {1},
    month = {1},
    pages = {111--129},
    volume = {121},
    url = {http://doi.wiley.com/10.1002/2015JD024177},
    doi = {10.1002/2015JD024177},
    issn = {2169897X}
}

@article{Lewis2017,
    title = {{Impactos associados {\`{A}} resolu{\c{C}}{\~{A}}o dos modelos atmosf{\'{E}}ricos em modelos de progn{\'{O}}sticos de ondas}},
    year = {2017},
    journal = {Boletim de Ciencias Geodesicas},
    author = {Lewis, Bárbara Silva and Nogueira, Izabel Christina Martins and Violante de Carvalho, Nelson and de Menezes, Wallace Figueiredo},
    number = {4},
    month = {12},
    pages = {539--555},
    volume = {23},
    publisher = {Universidade Federal do Paran{\'{a}}},
    url = {http://www.scielo.br/scielo.php?script=sci_arttext&pid=S1982-21702017000400539&lng=pt&tlng=pt},
    doi = {10.1590/s1982-21702017000400036},
    issn = {19822170},
    keywords = {Meteorological models, Resolution, Wave modelling}
}

@article{Jimenez2012,
    title = {{Improving the representation of resolved and unresolved topographic effects on surface wind in the wrf model}},
    year = {2012},
    journal = {Journal of Applied Meteorology and Climatology},
    author = {Jim{\'{e}}nez, Pedro A. and Dudhia, Jimy},
    number = {2},
    pages = {300--316},
    volume = {51},
    url = {https://journals.ametsoc.org/doi/pdf/10.1175/JAMC-D-11-084.1},
    doi = {10.1175/JAMC-D-11-084.1},
    issn = {15588424},
    keywords = {Mesoscale models, Model evaluation/performance, Parameterization}
}

@article{Lonin1999,
    title = {{Lagrangian model for oil spill diffusion at Sea}},
    year = {1999},
    journal = {Spill Science and Technology Bulletin},
    author = {Lonin, Serguei A.},
    number = {5-6},
    pages = {331--336},
    volume = {5},
    isbn = {5756694390},
    doi = {10.1016/S1353-2561(99)00078-X},
    issn = {13532561},
    keywords = {Lagrangian equation, Langeven equation, Oil droplet mixing, Oil spill}
}

@article{Fitch2012,
    title = {{Local and Mesoscale Impacts of Wind Farms as Parameterized in a Mesoscale NWP Model}},
    year = {2012},
    journal = {Monthly Weather Review},
    author = {Fitch, Anna C and Olson, Joseph B and Lundquist, Julie K and Dudhia, Jimy and Gupta, Alok K and Michalakes, John and Barstad, Idar},
    number = {9},
    pages = {3017--3038},
    volume = {140},
    url = {https://journals.ametsoc.org/doi/pdf/10.1175/MWR-D-11-00352.1 http://journals.ametsoc.org/doi/abs/10.1175/MWR-D-11-00352.1},
    isbn = {0027-0644},
    doi = {10.1175/MWR-D-11-00352.1},
    issn = {0027-0644}
}

@article{Trancoso2005,
    title = {{Modelling macroalgae using a 3D hydrodynamic-ecological model in a shallow, temperate estuary}},
    year = {2005},
    journal = {Ecological Modelling},
    author = {Trancoso, A. R. and Saraiva, S. and Fernandes, L. and Pina, P. and Leit{\~{a}}o, P. and Neves, R.},
    number = {2-3},
    month = {9},
    pages = {232--246},
    volume = {187},
    url = {http://dx.doi.org/10.1016/j.ecolmodel.2005.01.054},
    isbn = {0304-3800},
    doi = {10.1016/j.ecolmodel.2005.01.054},
    issn = {03043800},
    keywords = {Coastal lagoon, Macroalgae, Modelling, Nutrients, Phytoplankton, Sediment}
}

@inproceedings{Chavez-Arroyo2013,
    title = {{On the application of Principal Component Analysis for accurate statistical-dynamical downscaling of wind fields}},
    year = {2013},
    booktitle = {Energy Procedia},
    author = {Ch{\'{a}}vez-Arroyo, Roberto and Lozano-Galiana, Sergio and Sanz-Rodrigo, Javier and Probst, Oliver},
    pages = {67--76},
    volume = {40},
    doi = {10.1016/j.egypro.2013.08.009},
    issn = {18766102},
    keywords = {Long-term wind resource assessment, Mean sea level pressure, Principal component analysis, Statistical-dynamical downscaling}
}

@article{DeMarco2018,
    title = {{On the tails of the wind ramp distributions}},
    year = {2018},
    journal = {Wind Energy},
    author = {DeMarco, Adam and Basu, Sukanta},
    month = {4},
    pages = {1--14},
    publisher = {Wiley-Blackwell},
    url = {http://doi.wiley.com/10.1002/we.2202},
    doi = {10.1002/we.2202},
    keywords = {Hill plot, Pareto distribution, extreme value theory, tail-index}
}

@book{Lange2006,
    title = {{Physical Approach to Short-Term Wind Power Prediction}},
    year = {2006},
    author = {Lange, Matthias and Focken, Ulrich},
    pages = {208},
    publisher = {Springer},
    url = {https://books.google.co.nz/books?id=4bxEAAAAQBAJ&pg=PA69&lpg=PA69&dq=rmse+decomposition+bias&source=bl&ots=Cr6yPv3jMR&sig=scSzAUxtPabLYN-2-bul61RJf4k&hl=en&sa=X&ved=0ahUKEwipt6jKoMzYAhVKTbwKHTtCDHwQ6AEImAEwEg#v=onepage&q=rmse decomposition bias&f=false},
    isbn = {3540311068}
}

@article{Lucio-Eceiza2018,
    title = {{Quality control of surface wind observations in northeastern North America. Part II: Measurement errors}},
    year = {2018},
    journal = {Journal of Atmospheric and Oceanic Technology},
    author = {Lucio-Eceiza, Etor E. and Gonz{\'{a}}lez-Rouco, J. Fidel and Navarro, Jorge and Beltrami, Hugo and Conte, Jorge},
    number = {1},
    month = {1},
    pages = {183--205},
    volume = {35},
    url = {http://journals.ametsoc.org/doi/10.1175/JTECH-D-16-0205.1},
    doi = {10.1175/JTECH-D-16-0205.1},
    issn = {15200426},
    keywords = {Data quality control, Databases, Quality assurance/control, Wind}
}

@article{Katragkou2015,
    title = {{Regional climate hindcast simulations within EURO-CORDEX: evaluation of a WRF multi-physics ensemble}},
    year = {2015},
    journal = {Geosci. Model Dev},
    author = {Katragkou, E and Garc{\'{i}}a-D{\'{i}}ez, M and Vautard, R and Sobolowski, S and Zanis, P and Alexandri, G and Cardoso, R M and Colette, A and Fernandez, J and Gobiet, A and Goergen, K and Karacostas, T and Knist, S and Mayer, S and Soares, P M M and Pytharoulis, I and Tegoulias, I and Tsikerdekis, A and Jacob, D},
    pages = {603--618},
    volume = {8},
    url = {www.geosci-model-dev.net/8/603/2015/},
    doi = {10.5194/gmd-8-603-2015}
}

@article{Kotlarski2014,
    title = {{Regional climate modeling on European scales: a joint standard evaluation of the EURO-CORDEX RCM ensemble}},
    year = {2014},
    journal = {Geosci. Model Dev},
    author = {Kotlarski, S and Keuler, K and Christensen, O B and Colette, A and D{\'{e}}qu{\'{e}}, M and Gobiet, A and Goergen, K and Jacob, D and L{\"{u}}thi, D and Van Meijgaard, E and Nikulin, G and Sch{\"{a}}r, C and Teichmann, C and Vautard, R and Warrach-Sagi, K and Wulfmeyer, V},
    pages = {1297--1333},
    volume = {7},
    url = {www.geosci-model-dev.net/7/1297/2014/},
    doi = {10.5194/gmd-7-1297-2014}
}

@article{Wang2013,
    title = {{Regional dynamical downscaling with CCLM over East Asia}},
    year = {2013},
    journal = {Meteorology and Atmospheric Physics},
    author = {Wang, Dinan and Menz, Christoph and Simon, Thorsten and Simmer, Clemens and Ohlwein, Christian},
    number = {1-2},
    pages = {39--53},
    volume = {121},
    doi = {10.1007/s00703-013-0250-z},
    issn = {01777971}
}

@article{VonStorch2017,
    title = {{Regional reanalysis without local data: Exploiting the downscaling paradigm}},
    year = {2017},
    journal = {Journal of Geophysical Research: Atmospheres},
    author = {von Storch, Hans and Feser, Frauke and Geyer, Beate and Klehmet, Katharina and Li, Delei and Rockel, Burkhardt and Schubert-Frisius, Martina and Tim, Nele and Zorita, Eduardo},
    number = {16},
    month = {8},
    pages = {8631--8649},
    volume = {122},
    url = {http://onlinelibrary.wiley.com/doi/10.1002/2016JD026332/abstract#},
    doi = {10.1002/2016JD026332},
    issn = {21698996},
    keywords = {Addd Value, Dynamical Downcsaling, Gobal Downscaling}
}

@article{Gomez-Navarro2015,
    title = {{Sensitivity of the WRF model to PBL parametrisations and nesting techniques: Evaluation of wind storms over complex terrain}},
    year = {2015},
    journal = {Geoscientific Model Development},
    author = {G{\'{o}}mez-Navarro, J. J. and Raible, C. C. and Dierer, S.},
    number = {10},
    pages = {3349--3363},
    volume = {8},
    url = {www.geosci-model-dev.net/8/3349/2015/},
    doi = {10.5194/gmd-8-3349-2015},
    issn = {19919603}
}

@book{Wilks2006,
    title = {{Statistical Methods in the Atmospheric Sciences}},
    year = {2006},
    author = {Wilks, Daniel},
    pages = {627},
    publisher = {Academic Press},
    isbn = {0-12-751966-1},
    doi = {10.1016/B978-0-12-385022-5.00008-7},
    issn = {13504827},
    pmid = {21915255},
    arxivId = {arXiv:1011.1669v3}
}

@article{Jimenez2010,
    title = {{Surface wind regionalization over complex terrain: Evaluation and analysis of a high-resolution WRF simulation}},
    year = {2010},
    journal = {Journal of Applied Meteorology and Climatology},
    author = {Jim{\'{e}}nez, Pedro A. and Gonz{\'{a}}lez-Rouco, J. Fidel and Garc{\'{i}}a-Bustamante, Elena and Navarro, Jorge and Mont{\'{a}}vez, Juan P. and De Arellano, Jordi Vilà Guerau and Dudhia, Jimy and Mu{\~{n}}oz-Roldan, Antonio},
    number = {2},
    pages = {268--287},
    volume = {49},
    url = {https://journals.ametsoc.org/doi/pdf/10.1175/2009JAMC2175.1},
    doi = {10.1175/2009JAMC2175.1},
    issn = {15588424}
}

@article{Cavaleri2003,
    title = {{The characteristics of wind and wave fields modelled with different resolutions}},
    year = {2003},
    journal = {Quarterly Journal of the Royal Meteorological Society},
    author = {Cavaleri, Luigi and Bertotti, Luciana},
    number = {590 PART A},
    pages = {1647--1662},
    volume = {129},
    url = {http://onlinelibrary.wiley.com/store/10.1256/qj.01.68/asset/200312959016_ftp.pdf?v=1&t=jdze6h33&s=ef2ae061bb90b247556afd4227680df533b56719},
    doi = {10.1256/qj.01.68},
    issn = {00359009},
    keywords = {Modelling, Numerics, Wind speed}
}

@article{Vincent2015,
    title = {{The impact of grid and spectral nudging on the variance of the near-surface wind speed}},
    year = {2015},
    journal = {Journal of Applied Meteorology and Climatology},
    author = {Vincent, Claire Louise and Hahmann, Andrea N.},
    number = {5},
    pages = {1021--1038},
    volume = {54},
    doi = {10.1175/JAMC-D-14-0047.1},
    issn = {15588432},
    keywords = {Boundary conditions, Mesoscale models, Model evaluation/performance, Model initialization, Regional models, Wind effects}
}

@article{Cavaleri2006,
    title = {{The improvement of modelled wind and wave fields with increasing resolution}},
    year = {2006},
    journal = {Ocean Engineering},
    author = {Cavaleri, Luigi and Bertotti, Luciana},
    number = {5-6},
    month = {4},
    pages = {553--565},
    volume = {33},
    publisher = {Pergamon},
    url = {https://www.sciencedirect.com/science/article/pii/S0029801805001782},
    doi = {10.1016/J.OCEANENG.2005.07.004},
    issn = {0029-8018}
}

@inproceedings{Soutelino2015,
    title = {{The influence of the Southland Current on circulation patterns within Pegasus Bay}},
    year = {2015},
    booktitle = {Coast and Ports 2015},
    author = {Soutelino, Rafael G and Beamsley, Brett},
    pages = {1--7},
    address = {Auckland, New Zealand},
    keywords = {coastal sub-inertial currents, modelling, pegasus bay, southland current}
}

@article{Saha2010a,
    title = {{The NCEP climate forecast system reanalysis}},
    year = {2010},
    journal = {Bulletin of the American Meteorological Society},
    author = {Saha, Suranjana and Moorthi, Shrinivas and Pan, Hua Lu and Wu, Xingren and Wang, Jiande and Nadiga, Sudhir and Tripp, Patrick and Kistler, Robert and Woollen, John and Behringer, David and Liu, Haixia and Stokes, Diane and Grumbine, Robert and Gayno, George and Wang, Jun and Hou, Yu Tai and Chuang, Hui Ya and Juang, Hann Ming H. and Sela, Joe and Iredell, Mark and Treadon, Russ and Kleist, Daryl and Van Delst, Paul and Keyser, Dennis and Derber, John and Ek, Michael and Meng, Jesse and Wei, Helin and Yang, Rongqian and Lord, Stephen and Van Den Dool, Huug and Kumar, Arun and Wang, Wanqiu and Long, Craig and Chelliah, Muthuvel and Xue, Yan and Huang, Boyin and Schemm, Jae Kyung and Ebisuzaki, Wesley and Lin, Roger and Xie, Pingping and Chen, Mingyue and Zhou, Shuntai and Higgins, Wayne and Zou, Cheng Zhi and Liu, Quanhua and Chen, Yong and Han, Yong and Cucurull, Lidia and Reynolds, Richard W. and Rutledge, Glenn and Goldberg, Mitch},
    number = {8},
    month = {8},
    pages = {1015--1057},
    volume = {91},
    publisher = { American Meteorological Society },
    url = {http://journals.ametsoc.org/doi/10.1175/2010BAMS3001.1},
    isbn = {0003000715200477},
    doi = {10.1175/2010BAMS3001.1},
    issn = {00030007},
    pmid = {15003161},
    arxivId = {arXiv:gr-qc/9809069v1},
    archivePrefix = {arXiv},
    eprint = {9809069v1},
    primaryClass = {gr-qc}
}

@article{Powers2017,
    title = {{The weather research and forecasting model: Overview, system efforts, and future directions}},
    year = {2017},
    journal = {Bulletin of the American Meteorological Society},
    author = {Powers, Jordan G. and Klemp, Joseph B. and Skamarock, William C. and Davis, Christopher A. and Dudhia, Jimy and Gill, David O. and Coen, Janice L. and Gochis, David J. and Ahmadov, Ravan and Peckham, Steven E. and Grell, Georg A. and Michalakes, John and Trahan, Samuel and Benjamin, Stanley G. and Alexander, Curtis R. and Dimego, Geoffrey J. and Wang, Wei and Schwartz, Craig S. and Romine, Glen S. and Liu, Zhiquan and Snyder, Chris and Chen, Fei and Barlage, Michael J. and Yu, Wei and Duda, Michael G.},
    number = {8},
    month = {8},
    pages = {1717--1737},
    volume = {98},
    url = {http://journals.ametsoc.org/doi/10.1175/BAMS-D-15-00308.1},
    doi = {10.1175/BAMS-D-15-00308.1},
    issn = {00030007}
}

@article{Dee2014,
    title = {{Toward a consistent reanalysis of the climate system}},
    year = {2014},
    journal = {Bulletin of the American Meteorological Society},
    author = {Dee, D. P. and Balmaseda, M. and Balsamo, G. and Engelen, R. and Simmons, A. J. and Th{\'{e}}paut, J. N.},
    number = {8},
    pages = {1235--1248},
    volume = {95},
    url = {https://journals.ametsoc.org/doi/pdf/10.1175/BAMS-D-13-00043.1},
    isbn = {10.1175/BAMS-D-13-00043.1},
    doi = {10.1175/BAMS-D-13-00043.1},
    issn = {00030007}
}

@article{Bollmeyer2015,
    title = {{Towards a high-resolution regional reanalysis for the european CORDEX domain}},
    year = {2015},
    journal = {Quarterly Journal of the Royal Meteorological Society},
    author = {Bollmeyer, C. and Keller, J. D. and Ohlwein, C. and Wahl, S. and Crewell, S. and Friederichs, P. and Hense, A. and Keune, J. and Kneifel, S. and Pscheidt, I. and Redl, S. and Steinke, S.},
    number = {686},
    volume = {141},
    doi = {10.1002/qj.2486},
    issn = {1477870X}
}

@article{Macleod2017a,
    title = {{Transforming climate model output to forecasts of wind power production: How much resolution is enough?}},
    year = {2017},
    journal = {Meteorological Applications},
    author = {Macleod, Dave and Torralba, Verónica and Davis, Melanie and Doblas-Reyes, Francisco},
    number = {1},
    month = {1},
    pages = {1--10},
    volume = {25},
    publisher = {John Wiley {\&} Sons, Ltd},
    url = {http://doi.wiley.com/10.1002/met.1660},
    doi = {10.1002/met.1660},
    issn = {14698080},
    keywords = {Downscaling, Load factor, Reanalysis, Seasonal forecasting, United Kingdom, Wind energy, Wind power}
}

@article{Giannaros2017,
    title = {{Ultrahigh resolution wind forecasting for the sailing events at the Rio de Janeiro 2016 Summer Olympic Games}},
    year = {2017},
    journal = {Meteorological Applications},
    author = {Giannaros, Theodore M. and Kotroni, Vassiliki and Lagouvardos, Konstantinos and Dellis, Dimitrios and Tsanakas, Panayiotis and Mavrellis, Gabriel and Symeonidis, Panagiotis and Vakkas, Theodoros},
    number = {1},
    month = {1},
    pages = {86--93},
    volume = {25},
    publisher = {John Wiley {\&} Sons, Ltd},
    url = {http://doi.wiley.com/10.1002/met.1672},
    doi = {10.1002/met.1672},
    issn = {14698080},
    keywords = {High performance computing, Rio 2016 Olympic Games, Sailing, Ultrahigh resolution, WRF, Wind}
}

@article{Winterfeldt2011,
    title = {{Using QuikSCAT in the added value assessment of dynamically downscaled wind speed}},
    year = {2011},
    journal = {International Journal of Climatology},
    author = {Winterfeldt, Jörg and Geyer, Beate and Weisse, Ralf},
    number = {7},
    month = {6},
    pages = {1028--1039},
    volume = {31},
    publisher = {John Wiley {\&} Sons, Ltd.},
    url = {http://doi.wiley.com/10.1002/joc.2105},
    isbn = {0899-8418},
    doi = {10.1002/joc.2105},
    issn = {08998418},
    keywords = {Added value, Dynamical downscaling, Marine wind, QuikSCAT, Regional climate model}
}

@article{Cannon2015,
    title = {{Using reanalysis data to quantify extreme wind power generation statistics: A 33 year case study in Great Britain}},
    year = {2015},
    journal = {Renewable Energy},
    author = {Cannon, D.J. J. and Brayshaw, D.J. J. and Methven, J. and Coker, P.J. J. and Lenaghan, D.},
    month = {3},
    pages = {767--778},
    volume = {75},
    url = {http://linkinghub.elsevier.com/retrieve/pii/S096014811400651X},
    isbn = {0960-1481},
    doi = {10.1016/j.renene.2014.10.024},
    issn = {18790682},
    keywords = {Climatology, Inter-annual/seasonal variability, Persistent low wind, Wind integration, Wind power extremes, Wind power ramping}
}

@article{Zagar2006,
    title = {{Validation of mesoscale low-level winds obtained by dynamical downscaling of ERA40 over complex terrain}},
    year = {2006},
    journal = {Tellus, Series A: Dynamic Meteorology and Oceanography},
    author = {{\v{Z}}agar, Nedjeljka and {\v{Z}}agar, M. and Cedilnik, J. and Gregori{\v{c}}, G. and Rakovec, J.},
    number = {4},
    month = {1},
    pages = {445--455},
    volume = {58},
    publisher = {Blackwell Publishing Ltd},
    url = {https://www.tandfonline.com/doi/full/10.1111/j.1600-0870.2006.00186.x},
    doi = {10.1111/j.1600-0870.2006.00186.x},
    issn = {02806495}
}

@article{Rife2005,
    title = {{Verification of Temporal Variations in Mesoscale Numerical Wind Forecasts}},
    year = {2005},
    journal = {Monthly Weather Review},
    author = {Rife, Daran L. and Davis, Christopher A.},
    number = {11},
    pages = {3368--3381},
    volume = {133},
    url = {http://journals.ametsoc.org/doi/abs/10.1175/MWR3052.1},
    doi = {10.1175/MWR3052.1},
    issn = {0027-0644}
}

@article{El-Samra2018,
    title = {{What model resolution is required in climatological downscaling over complex terrain?}},
    year = {2018},
    journal = {Atmospheric Research},
    author = {El-Samra, Renalda and Bou-Zeid, Elie and El-Fadel, Mutasem},
    month = {5},
    pages = {68--82},
    volume = {203},
    publisher = {Elsevier},
    url = {https://www.sciencedirect.com/science/article/pii/S0169809516305798?url_ver%3DZ39.88-2003%26rft_id%3Ddoi%3A10.1016%2Fj.atmosres.2017.11.030%26colwiz-ref%3Ddtdp%26via%3Dihub},
    doi = {10.1016/J.ATMOSRES.2017.11.030},
    issn = {0169-8095}
}

@article{Siuta2017,
    title = {{WRF Hub-Height Wind Forecast Sensitivity to PBL Scheme, Grid Length, and Initial Condition Choice in Complex Terrain}},
    year = {2017},
    journal = {Weather and Forecasting},
    author = {Siuta, David and West, Gregory and Stull, Roland},
    number = {2},
    pages = {493--509},
    volume = {32},
    url = {http://journals.ametsoc.org/doi/10.1175/WAF-D-16-0120.1},
    doi = {10.1175/WAF-D-16-0120.1},
    issn = {0882-8156}
}

@article{SilvadosSantos2016AssessmentModels,
    title = {{Assessment of wind resources in two parts of Northeast Brazil with the use of numerical models}},
    year = {2016},
    journal = {Meteorological Applications},
    author = {Silva dos Santos, Alexandre Torres and Santos e Silva, Cláudio Moisés and Faro do Amaral Lemos, Daniel and de Lima Oliveira, Leonardo and Andr{\'{e}} Cruz Bezerra, Luciano},
    number = {4},
    month = {10},
    pages = {563--573},
    volume = {23},
    publisher = {Wiley-Blackwell},
    url = {http://doi.wiley.com/10.1002/met.1595},
    doi = {10.1002/met.1595},
    issn = {13504827},
    keywords = {WAsP, WRF, wind speed}
}

@article{Ingleby2018DriftingNWP,
    title = {{Drifting buoy pressures: Impact on NWP}},
    year = {2018},
    journal = {Atmospheric Science Letters},
    author = {Ingleby, Bruce and Isaksen, Lars},
    number = {6},
    month = {6},
    pages = {e822},
    volume = {19},
    publisher = {Wiley-Blackwell},
    url = {http://doi.wiley.com/10.1002/asl.822},
    doi = {10.1002/asl.822},
    issn = {1530261X}
}

@article{Pope2018WidespreadSpace,
    title = {{Widespread changes in UK air quality observed from space}},
    year = {2018},
    journal = {Atmospheric Science Letters},
    author = {Pope, Richard J. and Arnold, Stephen R. and Chipperfield, Martyn P. and Latter, Barry G. and Siddans, Richard and Kerridge, Brian J.},
    number = {5},
    month = {5},
    pages = {e817},
    volume = {19},
    publisher = {Wiley-Blackwell},
    url = {http://doi.wiley.com/10.1002/asl.817},
    doi = {10.1002/asl.817},
    issn = {1530261X},
    keywords = {air quality, earth observation, tropospheric column NO2}
}